https://cloud.acrobat.com/folder/c7eabbff-5c65-4cc7-bb23-aa59f73767bf
(http://web.gps.caltech.edu/classes/ge131/lectures.html)

http://web.gps.caltech.edu/classes/ge131/notes2016/

%% bertotti etc
http://newton.dm.unipi.it/neodys/
https://www.cfa.harvard.edu/~avanderb/tutorial/tutorial2.html
http://smass.mit.edu/

%% minor bodies
\url{http://web.gps.caltech.edu/~mbrown/2003EL61/}

@article{lineweaver2010potato,
  title={The Potato Radius: a Lower Minimum Size for Dwarf Planets},
  author={Lineweaver, Charles H and Norman, Marc},
  journal={arXiv preprint arXiv:1004.1091},
  year={2010},
  keywords={dwarf,planets,electrostatic,gravitational,shape}
}


% solar system stability

@inproceedings{tremaine1994solar,
  title={Is the solar system stable},
  author={Tremaine, Scott},
  booktitle={Frontiers of Astrophysics, Proceedings of the Rosseland Centenary Symposium},
  pages={85},
  year={1994},
  keywords={solar system,stability,orbit,simulation}
}


@ARTICLE{2009arXiv0912.3112K,
   author = {{Klacka}, J.},
    title = "{Galactic tide}",
  journal = {ArXiv e-prints},
archivePrefix = "arXiv",
   eprint = {0912.3112},
 primaryClass = "astro-ph.GA",
 keywords = {galaxy,tide,orbit}
}
